@misc{case,
    title     = "Case {S}tudy for {SWEN9}0016 {A}ssignment {O}ne",
    url       = " https://app.lms.unimelb.edu.au/bbcswebdav/pid-6964500-dt-content-rid-59731478\_2/xid-59731478\_2"
}


@electronic{IoTsecurity,
 author = {Pal,Ashwin},
  title = {{T}he {I}nternet of {T}hings ({I}o{T}) â€“ {T}hreats and {C}ountermeasures},
 url = {https://www.cso.com.au/article/575407/internet-things-iot-threats-countermeasures/},
 month = "May",
 date = 20,
 year = 2015
 
}



@electronic{userprofile,
 author   = "Lozhkin, Igor",
 title     = "What {I}s {U}ser {P}rofile? {W}hy {I}s {I}t {I}mportant? {H}ow {T}o {I}mplement {I}t?",
 url       = {https://www.arnicasoftware.com/blog/what-is-user-profile-why-is-it-important-how-to-implement-it-/2825/index.aspx},
 month = "June",
 year = 2011

}

@electronic{aquawiki,
 
 title     = "Aquarium",
 url       = {https://en.wikipedia.org/wiki/Aquarium},
 month = "March",
 year = 2019,
 date = 30

}

@electronic{incremodel,
 
 title     = {Incremental {M}odel in {SDLC}: {U}se, {A}dvantage \& {D}isadvantage},
 url       = {https://www.guru99.com/what-is-incremental-model-in-sdlc-advantages-disadvantages.html},
 month = "March",
 year = 2019,
 date = 30
}

@electronic{agilemodel,
	title     = "Agile modeling",
 	url       = {https://en.wikipedia.org/wiki/ Agile\_modeling},
 	month = "March",
 	year = 2019,
 	date = 30
}
